<?xml version="1.0" encoding="UTF-8" ?>
<record Numero="13912561" format="InterXMarc_Complet" type="Authority">
<leader>00976c0 au22000272  45  <Pos Code="0004">00976</Pos>
<Pos Code="05" Sens="notice modifiée">c</Pos>
<Pos Code="06" Sens="notice validée par les services d&apos;autorité">0</Pos>
<Pos Code="08" Sens="notice d&apos;autorité">a</Pos>
<Pos Code="09" Sens="titre uniforme musical (TUM)">u</Pos>
<Pos Code="10">2</Pos>
<Pos Code="11">2</Pos>
<Pos Code="1216">00027</Pos>
<Pos Code="17" Sens="autres cas">2</Pos>
<Pos Code="20">4</Pos>
<Pos Code="21">5</Pos>
</leader>
<controlfield tag="001">FRBNF139125617<Pos Code="0001">FR</Pos>
<Pos Code="0204">BNF</Pos>
<Pos Code="0512">13912561</Pos>
<Pos Code="13">7</Pos>
</controlfield>
<controlfield tag="008">890821070122yyita op        1762                             010 <Pos Code="0001">89</Pos>
<Pos Code="0203">08</Pos>
<Pos Code="0405">21</Pos>
<Pos Code="0607">07</Pos>
<Pos Code="0809">01</Pos>
<Pos Code="1011">22</Pos>
<Pos Code="1213" Sens="ne s&apos;applique pas">yy</Pos>
<Pos Code="1416" Sens="italien">ita</Pos>
<Pos Code="1820" Sens="opéra [drame lyrique => opéra, melodramma => opéra]">op </Pos>
<Pos Code="2831">1762</Pos>
<Pos Code="61" Sens="La vedette peut être liée à une notice bibliographique pour les accès signalétiques et/ou pour l&apos;accès matière RAMEAU">0</Pos>
<Pos Code="62" Sens="La vedette ne peut s&apos;employer qu&apos;en tête de vedette">1</Pos>
<Pos Code="63" Sens="La vedette n&apos;admet pas de subdivision géographique">0</Pos>
</controlfield>
<datafield tag="048" ind1=" " ind2=" ">
	<subfield code="b">va02<Pos Code="0001" Sens="voix - soprano">va</Pos>
<Pos Code="02">0</Pos>
<Pos Code="03">2</Pos>
</subfield>
	<subfield code="b">vc01<Pos Code="0001" Sens="voix - alto">vc</Pos>
<Pos Code="02">0</Pos>
<Pos Code="03">1</Pos>
</subfield>
	<subfield code="a">cn01<Pos Code="0001" Sens="choeurs - non spécifié">cn</Pos>
<Pos Code="02">0</Pos>
<Pos Code="03">1</Pos>
</subfield>
	<subfield code="a">oh01<Pos Code="0001" Sens="orchestre - orchestre XVIIe-XVIIIe s.">oh</Pos>
<Pos Code="02">0</Pos>
<Pos Code="03">1</Pos>
</subfield>
</datafield>
<datafield tag="100" ind1=" " ind2=" ">
	<subfield code="3">13894547</subfield>
	<subfield code="w">.0..b.....</subfield>
	<subfield code="a">Gluck</subfield>
	<subfield code="m">Christoph Willibald von</subfield>
	<subfield code="d">1714-1787</subfield>
</datafield>
<datafield tag="144" ind1="1" ind2=" ">
	<subfield code="w">....b.ita.</subfield>
	<subfield code="a">Orfeo ed Euridice</subfield>
	<subfield code="k">W 30</subfield>
</datafield>
<datafield tag="301" ind1="2" ind2=" ">
	<subfield code="3">15127169</subfield>
	<subfield code="a">Gluck</subfield>
	<subfield code="m">Christoph Willibald von</subfield>
	<subfield code="d">1714-1787</subfield>
	<subfield code="t" Barre="4">[Le feste d&apos;Apollo. W 38]</subfield>
</datafield>
<datafield tag="301" ind1=" " ind2=" ">
	<subfield code="3">14813560</subfield>
	<subfield code="a">Gluck</subfield>
	<subfield code="m">Christoph Willibald von</subfield>
	<subfield code="d">1714-1787</subfield>
	<subfield code="t">[Orphée et Eurydice. W 41]</subfield>
</datafield>
<datafield tag="320" ind1=" " ind2=" ">
	<subfield code="3">14473153</subfield>
	<subfield code="9">145</subfield>
	<subfield code="a">Calzabigi</subfield>
	<subfield code="m">Ranieri</subfield>
	<subfield code="d">1714-1795</subfield>
	<subfield code="t">Orfeo ed Euridice</subfield>
</datafield>
<datafield tag="600" ind1=" " ind2=" ">
	<subfield code="a">&quot;Azione teatrale per musica&quot; en 3 actes</subfield>
	<subfield code="a">Sur un livret de Ranieri Calzabigi</subfield>
	<subfield code="a">1re représentation : Vienne, Burgtheater, 5 octobre 1762</subfield>
</datafield>
<datafield tag="600" ind1=" " ind2=" ">
	<subfield code="a">Existe aussi dans une version en français sous le titre &quot;Orphée et Eurydice&quot; (W 41)</subfield>
</datafield>
<datafield tag="608" ind1=" " ind2=" ">
	<subfield code="b">Amore, Euridice (sopranos)</subfield>
	<subfield code="b">Orfeo (contralto)</subfield>
</datafield>
<datafield tag="610" ind1=" " ind2=" ">
	<subfield code="a">Dictionnaire des oeuvres de l&apos;art vocal</subfield>
	<subfield code="a">Grove music online</subfield>
	<subfield code="u">http://www.grovemusic.com</subfield>
	<subfield code="d">2007-01-12</subfield>
</datafield>
<datafield tag="917" ind1=" " ind2=" ">
	<subfield code="o">OPC</subfield>
	<subfield code="a">100415030</subfield>
</datafield>
<datafield tag="917" ind1=" " ind2=" ">
	<subfield code="o">OPD</subfield>
	<subfield code="a">100248560</subfield>
	<subfield code="b">ATUM</subfield>
</datafield>
<datafield tag="996" ind1=" " ind2=" ">
	<subfield code="o">OPP</subfield>
	<subfield code="a">14801412</subfield>
	<subfield code="d">20070112</subfield>
</datafield>
<Alter Ori="13894547">
<datafield tag="400" ind1=" " ind2=" ">
	<subfield code="w">....b.....</subfield>
	<subfield code="a">Gluck</subfield>
	<subfield code="m">Christoph von</subfield>
	<subfield code="d">1714-1787</subfield>
</datafield>
<datafield tag="400" ind1=" " ind2=" ">
	<subfield code="w">....b.....</subfield>
	<subfield code="a">Gluck</subfield>
	<subfield code="m">Cristofforo</subfield>
	<subfield code="d">1714-1787</subfield>
</datafield>
</Alter>
<Attr Nom="IDPerenne">ark:/12148/cb13912561d</Attr>
<Attr Nom="NumSource">OPC 100415030</Attr>
<Attr Nom="Source" Sens="BnF catalogue général (depuis 1999)">A</Attr>
<Attr Nom="NumAutoriteLiee">13894547151271691481356014473153</Attr>
<Attr Nom="DateCreation">21/08/ 1989</Attr>
<Attr Nom="ResponsableCreation">MIGV2</Attr>
<Attr Nom="StructCreation">1</Attr>
<Attr Nom="DateDerniereValidation">08/11/ 2010</Attr>
<Attr Nom="ResponsableDerniereValidation">MIGV4</Attr>
<Attr Nom="StructPremiereValidation">1</Attr>
<Attr Nom="DatePremiereValidation">21/08/ 1989</Attr>
<Attr Nom="ResponsablePremiereValidation">MIGV2</Attr>
<Attr Nom="StructDerniereValidation">1</Attr>
<Attr Nom="NumSource" Rep="1">OPD 100248560</Attr>
<Attr Nom="NumSource" Rep="2">OPP 14801412</Attr>
</record>
